
@misc{fizruk-telegram-bot-simple,
	title = {fizruk/telegram-bot-simple},
	copyright = {BSD-3-Clause License
        , 
      
        BSD-3-Clause License},
	url = {https://github.com/fizruk/telegram-bot-simple},
	abstract = {Easy to use library for building Telegram bots in Haskell.},
	author = {Kudasov, Nikolai},
	month = jan,
	year = {2021}
}

@misc{lambda-conf-2,
	title = {Nikolai {Kudasov} - {Building} a {Telegram} {Bot} in {Haskell} ({Part} 1) 2018 - {YouTube}},
	url = {https://www.youtube.com/watch?v=dfTTgdlsSzo&t=421s},
}

@misc{lambda-conf-1,
	title = {Nikolai {Kudasov} - {Building} a {Telegram} {Bot} in {Haskell} ({Part} 1) 2018 - {YouTube}},
	url = {https://www.youtube.com/watch?v=dfTTgdlsSzo&t=421s},
}

@misc{postgres-simple-tutorial,
	title = {Lambda and - {Querying} {PostgreSQL} with {Haskell}},
	url = {https://www.lambda-land.com/posts/2017-11-16-postgresql-simple},
}

@misc{postgresql-simple-examples,
	title = {keoko/postgresql-simple-examples},
	copyright = {MIT License
        , 
      
        MIT License},
	url = {https://github.com/keoko/postgresql-simple-examples},
	abstract = {examples of postgresql-simple Haskell library. Contribute to keoko/postgresql-simple-examples development by creating an account on GitHub.},
	author = {Cabré, Natxo},
	month = may,
	year = {2019},
}

@misc{spock-tutorial,
	title = {Simple {Web} {Routing} with {Spock}!},
	url = {https://mmhaskell.com/blog/2018/9/17/simple-web-routing-with-spock},
	language = {en-US},
	journal = {Monday Morning Haskell},
}

@misc{blaze-html-tutorial,
	title = {{BlazeHtml} - {Tutorial}},
	url = {https://jaspervdj.be/blaze/tutorial.html},
}

@misc{spock,
	title = {Spock: {Another} {Haskell} web framework for rapid development},
	shorttitle = {Spock},
	url = {//hackage.haskell.org/package/Spock},
	abstract = {Install via `cabal install Spock`.       
 [rating:2.5/3(n=6)]},
	journal = {Hackage},
}

@misc{telegram-bot-simple,
	title = {telegram-bot-simple: {Easy} to use library for building {Telegram} bots.},
	shorttitle = {telegram-bot-simple},
	url = {//hackage.haskell.org/package/telegram-bot-simple},
	abstract = {Install via `cabal install telegram-bot-simple`.},
	journal = {Hackage},
}

@misc{telegram-bot-api,
	title = {Telegram {Bot} {API}},
	url = {https://core.telegram.org/bots/api},
	abstract = {The Bot API is an HTTP-based interface created for developers keen on building bots for Telegram.
To learn how to create…},,
}

@misc{postgresql-simple,
	title = {postgresql-simple: {Mid}-{Level} {PostgreSQL} client library},
	shorttitle = {postgresql-simple},
	url = {//hackage.haskell.org/package/postgresql-simple},
	abstract = {Install via `cabal install postgresql-simple`.       
 [rating:2.75/3(n=11)]},
	journal = {Hackage},
}

@misc{blaze-html,
	title = {blaze-html: {A} blazingly fast {HTML} combinator library for {Haskell}},
	shorttitle = {blaze-html},
	url = {//hackage.haskell.org/package/blaze-html},
	abstract = {Install via `cabal install blaze-html`.       
 [rating:2.25/3(n=2)]},
	journal = {Hackage},
}
